%% This BibTeX bibliography file was created using BibDesk.
%% http://bibdesk.sourceforge.net/


%% Created for Jiahao Chen at 2014-03-19 17:08:32 -0400 


%% Saved with string encoding Unicode (UTF-8) 



@inproceedings{Liskov:1987da,
	Address = {New York},
	Author = {Barbara H Liskov},
	Booktitle = {OOPSLA '87 Addendum to the proceedings on Object-oriented programming systems, languages and applications},
	Date-Added = {2014-03-19 21:07:24 +0000},
	Date-Modified = {2014-03-19 21:08:29 +0000},
	Doi = {10.1145/62139.62141},
	Organization = {ACM},
	Pages = {17-34},
	Title = {Data Abstraction and Hierarchy},
	Volume = {23},
	Year = {1987}}

@article{Halbert:1987uk,
	Author = {Daniel C Halbert and Patrick D O'Brien},
	Date-Added = {2014-03-19 21:04:22 +0000},
	Date-Modified = {2014-03-19 21:06:13 +0000},
	Doi = {10.1109/MS.1987.231776},
	Journal = {IEEE Software},
	Number = {5},
	Pages = {71-79},
	Title = {Using types and inheritance in object-oriented programming},
	Volume = {4},
	Year = {1987}}

@inproceedings{Liskov:1974pb,
	Address = {New York},
	Author = {Barbara H Liskov and Stephen N Zilles},
	Booktitle = {Proceedings of the ACM SIGPLAN symposium on Very high level languages},
	Date-Added = {2014-03-19 20:18:51 +0000},
	Date-Modified = {2014-03-19 20:19:49 +0000},
	Organization = {ACM},
	Pages = {50-59},
	Title = {Programming with Abstract Data Types},
	Volume = {9},
	Year = {1974}}

@manual{matlabman:mi,
	Address = {Natick, MA},
	Date-Added = {2014-03-19 19:32:03 +0000},
	Date-Modified = {2014-03-19 19:32:03 +0000},
	Doi = {http://www.mathworks.com/help/matlab/math/matrix-indexing.html},
	Edition = {R2014a},
	Organization = {MathWorks, Inc.},
	Title = {MATLAB Manual: Matrix indexing},
	Bdsk-Url-1 = {http://www.mathworks.com/help/matlab/math/matrix-indexing.html}}

@manual{matlabman:ma,
	Address = {Natick, MA},
	Date-Added = {2014-03-19 18:12:05 +0000},
	Date-Modified = {2014-03-19 19:32:16 +0000},
	Doi = {http://www.mathworks.com/help/matlab/math/multidimensional-arrays.html},
	Edition = {R2014a},
	Organization = {MathWorks, Inc.},
	Title = {MATLAB Manual: Multidimensional arrays}}

@article{Eddins:2001fr,
	Author = {Steve Eddins and Loren Shure},
	Date-Added = {2014-03-19 18:02:46 +0000},
	Date-Modified = {2014-03-19 18:04:44 +0000},
	Journal = {Mathworks Newsletter},
	Month = {September},
	Title = {Matrix indexing in {MATLAB}},
	Url = {http://www.mathworks.com/company/newsletters/articles/matrix-indexing-in-matlab.html},
	Year = {2001}}
